
@online{over,
    author = "Overleaf",
    title = "Learn latex",
    url  = "https://www.overleaf.com/learn/latex/",
    addendum = "(accessed: 11.21.2024)",
    keywords = "latex"
}

@online{dev,
    author = "Google",
    title = "Chrome Developers",
    url  = "https://developer.chrome.com/docs/extensions/",
    addendum = "(accessed: 11.15.2024)",
    keywords = "chrome, dev"
}